@article{gething2011modelling,
  title={Modelling the global constraints of temperature on transmission of Plasmodium falciparum and P. vivax},
  author={Gething, Peter W and Van Boeckel, Thomas P and Smith, David L and Guerra, Carlos A and Patil, Anand P and Snow, Robert W and Hay, Simon I},
  journal={Parasites \& Vectors},
  volume={4},
  number={1},
  pages={92},
  year={2011},
  publisher={Springer}
}

@article{caraballo2014emergency,
  title={Emergency department management of mosquito-borne illness: malaria, dengue, and West Nile virus.},
  author={Caraballo, Hector and King, Kevin},
  journal={Emergency Medicine Practice},
  volume={16},
  number={5},
  pages={1--23},
  year={2014}
}

@article{vaughan2008malaria,
  title={Malaria parasite pre-erythrocytic stage infection: gliding and hiding},
  author={Vaughan, Ashley M and Aly, Ahmed SI and Kappe, Stefan HI},
  journal={Cell host \& Microbe},
  volume={4},
  number={3},
  pages={209--218},
  year={2008},
  publisher={Elsevier}
}

@article{yamauchi2007plasmodium,
  title={Plasmodium sporozoites trickle out of the injection site},
  author={Yamauchi, Lucy Megumi and Coppi, Alida and Snounou, Georges and Sinnis, Photini},
  journal={Cellular Microbiology},
  volume={9},
  number={5},
  pages={1215--1222},
  year={2007},
  publisher={Wiley Online Library}
}

@article{silvie2008interactions,
  title={Interactions of the malaria parasite and its mammalian host},
  author={Silvie, Olivier and Mota, Maria M and Matuschewski, Kai and Prud{\^e}ncio, Miguel},
  journal={Current opinion in Microbiology},
  volume={11},
  number={4},
  pages={352--359},
  year={2008},
  publisher={Elsevier}
}

@article{kebaier2009kinetics,
  title={Kinetics of mosquito-injected Plasmodium sporozoites in mice: fewer sporozoites are injected into sporozoite-immunized mice},
  author={Kebaier, Chahnaz and Voza, Tatiana and Vanderberg, Jerome},
  journal={PLoS Pathogens},
  volume={5},
  number={4},
  year={2009},
  publisher={Public Library of Science}
}

@article{jones2006malaria,
  title={Malaria parasites up close},
  author={Jones, Malcolm K and Good, Michael F},
  journal={Nature Medicine},
  volume={12},
  number={2},
  pages={170--171},
  year={2006},
  publisher={Nature Publishing Group}
}

@article{cowman2006invasion,
  title={Invasion of red blood cells by malaria parasites},
  author={Cowman, Alan F and Crabb, Brendan S},
  journal={Cell},
  volume={124},
  number={4},
  pages={755--766},
  year={2006},
  publisher={Elsevier}
}

@article{mayxay2004mixed,
  title={Mixed-species malaria infections in humans},
  author={Mayxay, Mayfong and Pukrittayakamee, Sasithon and Newton, Paul N and White, Nicholas J},
  journal={Trends in Parasitology},
  volume={20},
  number={5},
  pages={233--240},
  year={2004},
  publisher={Elsevier}
}

@article{pongsumpun2008mathematical,
  title={Mathematical model for the transmission of P. falciparum and P. vivax malaria along the Thai-Myanmar border},
  author={Pongsumpun, Puntani and Tang, I-Ming},
  journal={International Journal of Biological and Medical Sciences},
  volume={3},
  number={3},
  year={2008}
}

@article{price2007vivax,
  title={Vivax malaria: neglected and not benign},
  author={Price, Ric N and Tjitra, Emiliana and Guerra, Carlos A and Yeung, Shunmay and White, Nicholas J and Anstey, Nicholas M},
  journal={The American Journal of Tropical Medicine and Hygiene},
  volume={77},
  number={6\_Suppl},
  pages={79--87},
  year={2007},
  publisher={ASTMH}
}

@article{aguas2012modeling,
  title={Modeling the effects of relapse in the transmission dynamics of malaria parasites},
  author={{\'A}guas, Ricardo and Ferreira, Marcelo U and Gomes, M Gabriela M},
  journal={Journal of Parasitology Research},
  volume={2012},
  year={2012},
  publisher={Hindawi}
}



@article{arnott2012understanding,
  title={Understanding the population genetics of Plasmodium vivax is essential for malaria control and elimination},
  author={Arnott, Alicia and Barry, Alyssa E and Reeder, John C},
  journal={Malaria Journal},
  volume={11},
  number={1},
  pages={14},
  year={2012},
  publisher={BioMed Central}
}

@misc{baird2008real,
  title={Real-world therapies and the problem of vivax malaria},
  author={Baird, J Kevin},
  year={2008},
  publisher={Mass Medical Soc}
}

@article{betuela2012relapses,
  title={Relapses contribute significantly to the risk of Plasmodium vivax infection and disease in Papua New Guinean children 1--5 years of age},
  author={Betuela, Inoni and Rosanas-Urgell, Anna and Kiniboro, Benson and Stanisic, Danielle I and Samol, Lornah and de Lazzari, Elisa and del Portillo, Hernando A and Siba, Peter and Alonso, Pedro L and Bassat, Quique and others},
  journal={The Journal of Infectious Diseases},
  volume={206},
  number={11},
  pages={1771--1780},
  year={2012},
  publisher={Oxford University Press}
}

@article{luxemburger1999treatment,
  title={Treatment of vivax malaria on the western border of Thailand},
  author={Luxemburger, Christine and van Vugt, Mich{\`e}le and Jonathan, Saw and McGready, Rose and Looareesuwan, Sornchai and White, Nicholas J and Nosten, Fran{\c{c}}ois},
  journal={Transactions of the Royal Society of Tropical Medicine and Hygiene},
  volume={93},
  number={4},
  pages={433--438},
  year={1999},
  publisher={Royal Society of Tropical Medicine and Hygiene}
}

@article{breman2007defining,
  title={Defining and defeating the intolerable burden of malaria III. Progress and perspectives},
  author={Breman, Joel G and Alilio, Martin S and White, Nicholas J},
  journal={The American Journal of Tropical Medicine and Hygiene},
  volume={77},
  number={6\_Suppl},
  pages={vi--xi},
  year={2007},
  publisher={ASTMH}
}



@article{tjitra2008multidrug,
  title={Multidrug-resistant Plasmodium vivax associated with severe and fatal malaria: a prospective study in Papua, Indonesia},
  author={Tjitra, Emiliana and Anstey, Nicholas M and Sugiarto, Paulus and Warikar, Noah and Kenangalem, Enny and Karyana, Muhammad and Lampah, Daniel A and Price, Ric N},
  journal={PLoS Medicine},
  volume={5},
  number={6},
  year={2008},
  publisher={Public Library of Science}
}

@article{kochar2009severe,
  title={Severe Plasmodium vivax malaria: a report on serial cases from Bikaner in northwestern India},
  author={Kochar, Dhanpat K and Das, Ashish and Kochar, Sanjay K and Saxena, Vishal and Sirohi, Parmendra and Garg, Shilpi and Kochar, Abhishek and Khatri, Mahesh P and Gupta, Vikas},
  journal={The American Journal of Tropical Medicine and Hygiene},
  volume={80},
  number={2},
  pages={194--198},
  year={2009},
  publisher={ASTMH}
}

@book{anderson1992infectious,
  title={Infectious diseases of humans: dynamics and control},
  author={Anderson, Roy M and Anderson, B and May, Robert M},
  year={1992},
  publisher={Oxford University Press}
}


@article{kermack1927,
  title={A contribution to the mathematical theory of epidemics},
  author={Kermack, William Ogilvy and McKendrick, Anderson G},
  journal={Proceedings of the Royal Society of London. Series A, Containing papers of a mathematical and physical character},
  volume={115},
  number={772},
  pages={700--721},
  year={1927},
  publisher={The Royal Society London}
}


@book{keeling2011modeling,
  title={Modeling infectious diseases in humans and animals},
  author={Keeling, Matt J and Rohani, Pejman},
  year={2011},
  publisher={Princeton University Press}
}


@article{Hamer1897,
title={Age-Incidence in Relation with Cycles of Disease-Prevalence.},
author={W.H., Hamer},
journal={Transactions. Epidemiological Society of London},
volume={XVI},
pages={64-77},
year={1897}
}

@article{hoshen2000mathematical,
  title={Mathematical modelling of the within-host dynamics of Plasmodium falciparum},
  author={Hoshen, MB and Heinrich, R and Stein, WD and Ginsburg, H},
  journal={Parasitology},
  volume={121},
  number={3},
  pages={227--235},
  year={2000},
  publisher={Cambridge University Press}
}

@article{mckenzie2005integrated,
  title={An integrated model of Plasmodium falciparum dynamics},
  author={McKenzie, F Ellis and Bossert, William H},
  journal={Journal of Theoretical Biology},
  volume={232},
  number={3},
  pages={411--426},
  year={2005},
  publisher={Elsevier}
}

@article{dietz2006mathematical,
  title={Mathematical model of the first wave of Plasmodium falciparum asexual parasitemia in non-immune and vaccinated individuals},
  author={Dietz, Klaus and RADDATZ, G{\"U}NTER and Molineaux, Louis},
  journal={The American Journal of Tropical Medicine and Hygiene},
  volume={75},
  number={2\_suppl},
  pages={46--55},
  year={2006},
  publisher={ASTMH}
}

@article{taylor2009sir,
  title={An SIR epidemic model with partial temporary immunity modeled with delay},
  author={Taylor, Michael L and Carr, Thomas W},
  journal={Journal of Mathematical Biology},
  volume={59},
  number={6},
  pages={841--880},
  year={2009},
  publisher={Springer}
}

@article{oikkonenpartial,
  title={Partial Immunities: Rethinking Communities and Belonging through Viral Memories of Influenza},
  author={Oikkonen, Venla}
}

@article{white2009role,
  title={The role of simple mathematical models in malaria elimination strategy design},
  author={White, Lisa J and Maude, Richard J and Pongtavornpinyo, Wirichada and Saralamba, Sompob and Aguas, Ricardo and Van Effelterre, Thierry and Day, Nicholas PJ and White, Nicholas J},
  journal={Malaria Journal},
  volume={8},
  number={1},
  pages={212},
  year={2009},
  publisher={BioMed Central}
}

@online{WHO,
    author = "https://www.who.int/malaria/en/",
    title = "",
    url  = "https://www.who.int/malaria/en/(accessed: 25.03.2020)",
    addendum = "(accessed: 25.03.2020)",
    keywords = ""
}

@article{macdonald1957epidemiology,
  title={The epidemiology and control of malaria.},
  author={Macdonald, George and others},
  journal={The Epidemiology and Control of Malaria.},
  year={1957},
  publisher={Oxford University Press}
}

@article{garrett1964human,
  title={The human blood index of malaria vectors in relation to epidemiological assessment},
  author={Garrett-Jones, C},
  journal={Bulletin of the World Health Organization},
  volume={30},
  number={2},
  pages={241},
  year={1964},
  publisher={World Health Organization}
}

@article{smith2010quantitative,
  title={A quantitative analysis of transmission efficiency versus intensity for malaria},
  author={Smith, David L and Drakeley, Chris J and Chiyaka, Christinah and Hay, Simon I},
  journal={Nature Communications},
  volume={1},
  number={1},
  pages={1--9},
  year={2010},
  publisher={Nature Publishing Group}
}

@article{collins2003retrospective,
  title={A retrospective examination of anemia during infection of humans with Plasmodium vivax},
  author={Collins, William E and Jeffery, Geoffrey M and Roberts, Jacquelin M},
  journal={The American Journal of Tropical Medicine and Hygiene},
  volume={68},
  number={4},
  pages={410--412},
  year={2003},
  publisher={ASTMH}
}

@article{bharti2006experimental,
  title={Experimental infection of the neotropical malaria vector Anopheles darlingi by human patient-derived Plasmodium vivax in the Peruvian Amazon},
  author={Bharti, Ajay R and Chuquiyauri, Raul and Brouwer, Kimberly C and Stancil, Jeffrey and Lin, Jessica and Llanos-Cuentas, Alejandro and Vinetz, Joseph M},
  journal={The American Journal of Tropical Medicine and Hygiene},
  volume={75},
  number={4},
  pages={610--616},
  year={2006},
  publisher={ASTMH}
}

@article{gething2012long,
  title={A long neglected world malaria map: Plasmodium vivax endemicity in 2010},
  author={Gething, Peter W and Elyazar, Iqbal RF and Moyes, Catherine L and Smith, David L and Battle, Katherine E and Guerra, Carlos A and Patil, Anand P and Tatem, Andrew J and Howes, Rosalind E and Myers, Monica F and others},
  journal={PLoS Neglected Tropical Diseases},
  volume={6},
  number={9},
  year={2012},
  publisher={Public Library of Science}
}

@article{white2014modelling,
  title={Modelling the contribution of the hypnozoite reservoir to Plasmodium vivax transmission},
  author={White, Michael T and Karl, Stephan and Battle, Katherine E and Hay, Simon I and Mueller, Ivo and Ghani, Azra C},
  journal={Elife},
  volume={3},
  pages={e04692},
  year={2014},
  publisher={eLife Sciences Publications Limited}
}

@article{Dietz1967,
author = {Dietz, Klaus},
title = {Epidemics and Rumours: A Survey},
journal = {Journal of the Royal Statistical Society},
volume = {130},
number = {4},
pages = {505-528},
year = {1967}
}

@article{earn2000simple,
  title={A simple model for complex dynamical transitions in epidemics},
  author={Earn, David JD and Rohani, Pejman and Bolker, Benjamin M and Grenfell, Bryan T},
  journal={Science},
  volume={287},
  number={5453},
  pages={667--670},
  year={2000},
  publisher={American Association for the Advancement of Science}
}



@article{mueller2009key,
  title={Key gaps in the knowledge of Plasmodium vivax, a neglected human malaria parasite},
  author={Mueller, Ivo and Galinski, Mary R and Baird, J Kevin and Carlton, Jane M and Kochar, Dhanpat K and Alonso, Pedro L and del Portillo, Hernando A},
  journal={The Lancet Infectious Diseases},
  volume={9},
  number={9},
  pages={555--566},
  year={2009},
  publisher={Elsevier}
}

@article{battle2014geographical,
  title={Geographical variation in Plasmodium vivax relapse},
  author={Battle, Katherine E and Karhunen, Markku S and Bhatt, Samir and Gething, Peter W and Howes, Rosalind E and Golding, Nick and Van Boeckel, Thomas P and Messina, Jane P and Shanks, G Dennis and Smith, David L and others},
  journal={Malaria Journal},
  volume={13},
  number={1},
  pages={144},
  year={2014},
  publisher={BioMed Central}
}

@article{chamchod2013modeling,
  title={Modeling Plasmodium vivax: relapses, treatment, seasonality, and G6PD deficiency},
  author={Chamchod, Farida and Beier, John C},
  journal={Journal of Theoretical Biology},
  volume={316},
  pages={25--34},
  year={2013},
  publisher={Elsevier}
}

@article{roy2013potential,
  title={The potential elimination of Plasmodium vivax malaria by relapse treatment: insights from a transmission model and surveillance data from NW India},
  author={Roy, Manojit and Bouma, Menno J and Ionides, Edward L and Dhiman, Ramesh C and Pascual, Mercedes},
  journal={PLoS Neglected Tropical Diseases},
  volume={7},
  number={1},
  year={2013},
  publisher={Public Library of Science}
}

@article{white2018mathematical,
  title={Mathematical modelling of the impact of expanding levels of malaria control interventions on Plasmodium vivax},
  author={White, Michael T and Walker, Patrick and Karl, Stephan and Hetzel, Manuel W and Freeman, Tim and Waltmann, Andreea and Laman, Moses and Robinson, Leanne J and Ghani, Azra and Mueller, Ivo},
  journal={Nature Communications},
  volume={9},
  number={1},
  pages={1--10},
  year={2018},
  publisher={Nature Publishing Group}
}

@article{silal2019malaria,
  title={Malaria elimination transmission and costing in the Asia-Pacific: a multi-species dynamic transmission model},
  author={Silal, Sheetal Prakash and Shretta, Rima and Celhay, Olivier J and Mercado, Chris Erwin Gran and Saralamba, Sompob and Maude, Richard James and White, Lisa Jane},
  journal={Wellcome Open Research},
  volume={4},
  number={62},
  pages={62},
  year={2019},
  publisher={F1000 Research Limited}
}



@article{ishikawa2003mathematical,
  title={A mathematical model for the transmission of Plasmodium vivax malaria},
  author={Ishikawa, Hirofumi and Ishii, Akira and Nagai, Nobuhiko and Ohmae, Hiroshi and Harada, Masakazu and Suguri, Setsuo and Leafasia, Judson},
  journal={Parasitology International},
  volume={52},
  number={1},
  pages={81--93},
  year={2003},
  publisher={Elsevier}
}

@article{gharakhanlou2019developing,
  title={Developing an agent-based model for simulating the dynamic spread of Plasmodium vivax malaria: A case study of Sarbaz, Iran},
  author={Gharakhanlou, Navid Mahdizadeh and Mesgari, Mohammad Saadi and Hooshangi, Navid},
  journal={Ecological Informatics},
  volume={54},
  pages={101006},
  year={2019},
  publisher={Elsevier}
}

@article{portugal2011superinfection,
  title={Superinfection in malaria: Plasmodium shows its iron will},
  author={Portugal, S{\'\i}lvia and Drakesmith, Hal and Mota, Maria M},
  journal={EMBO Reports},
  volume={12},
  number={12},
  pages={1233--1242},
  year={2011},
  publisher={John Wiley \& Sons, Ltd}
}

@incollection{aron1982population,
  title={The population dynamics of malaria},
  author={Aron, Joan L and May, Robert M},
  booktitle={The population Dynamics of Infectious Diseases: Theory and Applications},
  pages={139--179},
  year={1982},
  publisher={Springer}
}

@article{macdonald1950,
  title={},
  author={Macdonald, G.},
  journal={Tropical Diseases Bulletin},
  volume={47 (10)},
  pages={907-915},
  year={1950},
  publisher={}
}


@article{walton1947control,
  title={On the Control of Malaria in Freetown, Sierra Leon: I.—Plasmodium Falciparum and Anopheles Gambiae in Relation to Malaria Occurring in Infants},
  author={Walton, GA},
  journal={Annals of Tropical Medicine \& Parasitology},
  volume={41},
  number={3-4},
  pages={380--407},
  year={1947},
  publisher={Taylor \& Francis}
}

@article{dietz1974malaria,
  title={A malaria model tested in the African savannah},
  author={Dietz, K and Molineaux, L and Thomas, A},
  journal={Bulletin of the World Health Organization},
  volume={50},
  number={3-4},
  pages={347},
  year={1974},
  publisher={World Health Organization}
}


@article{gueye2016strategies,
  title={Strategies and approaches to vector control in nine malaria-eliminating countries: a cross-case study analysis},
  author={Gueye, Cara Smith and Newby, Gretchen and Gosling, Roland D and Whittaker, Maxine A and Chandramohan, Daniel and Slutsker, Laurence and Tanner, Marcel},
  journal={Malaria Journal},
  volume={15},
  number={1},
  pages={2},
  year={2016},
  publisher={BioMed Central}
}

@article{lima2016major,
  title={Major histocompatibility complex and malaria: focus on Plasmodium vivax infection},
  author={Lima-Junior, Josu{\'e} da Costa and Pratt-Riccio, Lilian Rose},
  journal={Frontiers in Immunology},
  volume={7},
  pages={13},
  year={2016},
  publisher={Frontiers}
}

@article{pedro2018basic,
  title={Basic Properties and Qualitative Dynamics of a Vector-Borne Disease Model with Vector Stages and Vertical Transmission},
  author={Pedro, Sansao A},
  journal={Journal of Applied Mathematics},
  volume={2018},
  year={2018},
  publisher={Hindawi}
}

@article{kuniyoshi2017mathematical,
  title={Mathematical modelling of vector-borne diseases and insecticide resistance evolution},
  author={Kuniyoshi, Maria Laura Gabriel and dos Santos, Fernando Luiz Pio},
  journal={Journal of Venomous Animals and Toxins including Tropical Diseases},
  volume={23},
  number={1},
  pages={34},
  year={2017},
  publisher={Springer}
}

@article{wang2018age,
  title={An age-structured vector-borne disease model with horizontal transmission in the host},
  author={Wang, Xia and Chen, Yuming},
  journal={Mathematical Biosciences \& Engineering},
  volume={15},
  number={5},
  pages={1099},
  year={2018},
  publisher={American Institute of Mathematical Sciences}
}

@article{genton2008plasmodium,
  title={Plasmodium vivax and mixed infections are associated with severe malaria in children: a prospective cohort study from Papua New Guinea},
  author={Genton, Blaise and D'Acremont, Val{\'e}rie and Rare, Lawrence and Baea, Kay and Reeder, John C and Alpers, Michael P and M{\"u}ller, Ivo},
  journal={PLoS medicine},
  volume={5},
  number={6},
  year={2008},
  publisher={Public Library of Science}
}


@article{douglas2014mortality,
  title={Mortality attributable to Plasmodium vivax malaria: a clinical audit from Papua, Indonesia},
  author={Douglas, Nicholas M and Pontororing, Gysje J and Lampah, Daniel A and Yeo, Tsin W and Kenangalem, Enny and Poespoprodjo, Jeanne Rini and Ralph, Anna P and Bangs, Michael J and Sugiarto, Paulus and Anstey, Nicholas M and others},
  journal={BMC Medicine},
  volume={12},
  number={1},
  pages={217},
  year={2014},
  publisher={BioMed Central}
}

@article{hulden2011activation,
  title={Activation of the hypnozoite: a part of Plasmodium vivax life cycle and survival},
  author={Hulden, Lena and Hulden, Larry},
  journal={Malaria Journal},
  volume={10},
  number={1},
  pages={90},
  year={2011},
  publisher={Springer}
}

@article{yeung2012antimalarial,
  title={Antimalarial drug discovery: targeting the hypnozoite for new radical curative agent},
  author={Yeung, Bryan},
  journal={Malaria Journal},
  volume={11},
  number={1},
  pages={O32},
  year={2012},
  publisher={BioMed Central}
}

@article{davis2005artemisinin,
  title={Artemisinin-based combination therapies for uncomplicated malaria},
  author={Davis, Timothy ME and Karunajeewa, Harin A and Ilett, Kenneth F},
  journal={Medical Journal of Australia},
  volume={182},
  number={4},
  pages={181--185},
  year={2005}
}

@book{world2015guidelines,
  title={Guidelines for the treatment of malaria},
  author={World Health Organization},
  year={2015},
  publisher={World Health Organization}
}

@article{naing2013efficacy,
  title={Efficacy and safety of dihydroartemisinin-piperaquine for treatment of uncomplicated Plasmodium falciparum malaria in endemic countries: meta-analysis of randomised controlled studies},
  author={Naing, Cho and Mak, Joon Wah and Aung, Kyan and Wong, Jadon YR},
  journal={Transactions of the Royal Society of Tropical Medicine and Hygiene},
  volume={107},
  number={2},
  pages={65--73},
  year={2013},
  publisher={Oxford University Press}
}

@article{watson2018implications,
  title={Implications of current therapeutic restrictions for primaquine and tafenoquine in the radical cure of vivax malaria},
  author={Watson, James and Taylor, Walter RJ and Bancone, Germana and Chu, Cindy S and Jittamala, Podjanee and White, Nicholas J},
  journal={PLoS Neglected Tropical Diseases},
  volume={12},
  number={4},
  pages={e0006440},
  year={2018},
  publisher={Public Library of Science}
}

@article{eckhoff2013mathematical,
  title={Mathematical models of within-host and transmission dynamics to determine effects of malaria interventions in a variety of transmission settings},
  author={Eckhoff, Philip},
  journal={The American Journal of Tropical Medicine and Hygiene},
  volume={88},
  number={5},
  pages={817--827},
  year={2013},
  publisher={ASTMH}
}

@article{childs2019linked,
  title={Linked within-host and between-host models and data for infectious diseases: a systematic review},
  author={Childs, Lauren M and El Moustaid, Fadoua and Gajewski, Zachary and Kadelka, Sarah and Nikin-Beers, Ryan and Smith Jr, John W and Walker, Melody and Johnson, Leah R},
  journal={PeerJ},
  volume={7},
  pages={e7057},
  year={2019},
  publisher={PeerJ Inc.}
}

@article{mehra2020activation,
  title={An Activation-Clearance Model for Plasmodium vivax Malaria},
  author={Mehra, Somya and McCaw, James M and Flegg, Mark B and Taylor, Peter G and Flegg, Jennifer A},
  journal={Bulletin of Mathematical Biology},
  volume={82},
  number={2},
  pages={32},
  year={2020},
  publisher={Springer}
}


@article{schwartz2012prophylaxis,
  title={Prophylaxis of malaria},
  author={Schwartz, Eli},
  journal={Mediterranean Journal of Hematology and Infectious Diseases},
  volume={4},
  number={1},
  year={2012},
  publisher={Catholic University in Rome}
}

@article{white2016variation,
  title={Variation in relapse frequency and the transmission potential of Plasmodium vivax malaria},
  author={White, Michael T and Shirreff, George and Karl, Stephan and Ghani, Azra C and Mueller, Ivo},
  journal={Proceedings of the Royal Society B: Biological Sciences},
  volume={283},
  number={1827},
  pages={20160048},
  year={2016},
  publisher={The Royal Society}
}

@article{cogswell1992hypnozoite,
  title={The hypnozoite and relapse in primate malaria.},
  author={Cogswell, Frank B},
  journal={Clinical Microbiology Reviews},
  volume={5},
  number={1},
  pages={26--35},
  year={1992},
  publisher={Am Soc Microbiol}
}

@article{malato2011fate,
  title={Fate tracing of mature hepatocytes in mouse liver homeostasis and regeneration},
  author={Malato, Yann and Naqvi, Syed and Sch{\"u}rmann, Nina and Ng, Raymond and Wang, Bruce and Zape, Joan and Kay, Mark A and Grimm, Dirk and Willenbring, Holger},
  journal={The Journal of Clinical Investigation},
  volume={121},
  number={12},
  pages={4850--4860},
  year={2011},
  publisher={Am Soc Clin Investig}
}

@article{howes2016global,
  title={Global epidemiology of Plasmodium vivax},
  author={Howes, Rosalind E and Battle, Katherine E and Mendis, Kamini N and Smith, David L and Cibulskis, Richard E and Baird, J Kevin and Hay, Simon I},
  journal={The American Journal of Tropical Medicine and Hygiene},
  volume={95},
  number={6\_Suppl},
  pages={15--34},
  year={2016},
  publisher={ASTMH}
}

@article{patriani2019early,
  title={Early and late mortality after malaria in young children in Papua, Indonesia},
  author={Patriani, Dewi and Arguni, Eggi and Kenangalem, Enny and Dini, Saber and Sugiarto, Paulus and Hasanuddin, Afdhal and Lampah, Daniel Adrian and Douglas, Nicholas M and Anstey, Nicholas M and Simpson, Julie Anne and others},
  journal={BMC Infectious Diseases},
  volume={19},
  number={1},
  pages={922},
  year={2019},
  publisher={Springer}
}

@misc{world_malreport_nodate,
	title = {World malaria report 2019},
	url = {https://www.who.int/news-room/feature-stories/detail/world-malaria-report-2019},
	abstract = {},
	language = {en},
	urldate = {2020-05-05},
	note = {Library Catalog: www.who.int},
	file = {Snapshot:/Users/mdnurula/Zotero/storage/A57AC9Y9/world-malaria-report-2019.html:text/html}
}

@article{esteva2009qualitative,
  title={Qualitative study of transmission dynamics of drug-resistant malaria},
  author={Esteva, Lourdes and Gumel, Abba B and De Le{\'o}N, Cruz Vargas},
  journal={Mathematical and Computer Modelling},
  volume={50},
  number={3-4},
  pages={611--630},
  year={2009},
  publisher={Elsevier}
}


@article{fillinger2009integrated,
  title={Integrated malaria vector control with microbial larvicides and insecticide-treated nets in western Kenya: a controlled trial},
  author={Fillinger, Ulrike and Ndenga, Bryson and Githeko, Andrew and Lindsay, Steven W},
  journal={Bulletin of the World Health Organization},
  volume={87},
  pages={655--665},
  year={2009},
  publisher={SciELO Public Health}
}

@article{adekunle2015modeling,
  title={Modeling the dynamics of Plasmodium vivax infection and hypnozoite reactivation in vivo},
  author={Adekunle, Adeshina I and Pinkevych, Mykola and McGready, Rose and Luxemburger, Christine and White, Lisa J and Nosten, Francois and Cromer, Deborah and Davenport, Miles P},
  journal={PLoS Neglected Tropical Diseases},
  volume={9},
  number={3},
  year={2015},
  publisher={Public Library of Science}
}

@article{robinson2015strategies,
  title={Strategies for understanding and reducing the Plasmodium vivax and Plasmodium ovale hypnozoite reservoir in Papua New Guinean children: a randomised placebo-controlled trial and mathematical model},
  author={Robinson, Leanne J and Wampfler, Rahel and Betuela, Inoni and Karl, Stephan and White, Michael T and Suen, Connie SN Li Wai and Hofmann, Natalie E and Kinboro, Benson and Waltmann, Andreea and Brewster, Jessica and others},
  journal={PLoS Med},
  volume={12},
  number={10},
  pages={e1001891},
  year={2015},
  publisher={Public Library of Science}
}

@article{asih2018challenges,
  title={Challenges in the Control and Elimination of Plasmodium vivax Malaria},
  author={Asih, Puji BS and Syafruddin, Din and Baird, John Kevin},
  journal={Towards Malaria Elimination: A Leap Forward},
  pages={77},
  year={2018},
  publisher={BoD--Books on Demand}
}

@article{howes2012g6pd,
  title={G6PD deficiency prevalence and estimates of affected populations in malaria endemic countries: a geostatistical model-based map},
  author={Howes, Rosalind E and Piel, Frederic B and Patil, Anand P and Nyangiri, Oscar A and Gething, Peter W and Dewi, Mewahyu and Hogg, Mariana M and Battle, Katherine E and Padilla, Carmencita D and Baird, J Kevin and others},
  journal={PLoS medicine},
  volume={9},
  number={11},
  year={2012},
  publisher={Public Library of Science}
}

@article{eckhoff2012p,
  title={P. falciparum infection durations and infectiousness are shaped by antigenic variation and innate and adaptive host immunity in a mathematical model},
  author={Eckhoff, Philip},
  journal={PLoS One},
  volume={7},
  number={9},
  year={2012},
  publisher={Public Library of Science}
}

@article{smith2006mathematical,
  title={Mathematical modeling of the impact of malaria vaccines on the clinical epidemiology and natural history of Plasmodium falciparum malaria: Overview},
  author={Smith, Thomas and Killeen, Gerry F and Maire, Nicolas and Ross, Amanda and Molineaux, Louis and Tediosi, Fabrizio and Hutton, Guy and Utzinger, J{\"u}rg and Dietz, Klaus and Tanner, Marcel},
  journal={The American Journal of Tropical Medicine and Hygiene},
  volume={75},
  number={2\_suppl},
  pages={1--10},
  year={2006},
  publisher={ASTMH}
}

@incollection{shanks2012control,
  title={Control and elimination of Plasmodium vivax},
  author={Shanks, G Dennis},
  booktitle={Advances in Parasitology},
  volume={80},
  pages={301--341},
  year={2012},
  publisher={Elsevier}
}

@article{white2011determinants,
  title={Determinants of relapse periodicity in Plasmodium vivax malaria},
  author={White, Nicholas J},
  journal={Malaria Journal},
  volume={10},
  number={1},
  pages={297},
  year={2011},
  publisher={Springer}
}

@article{barbosa2018modelling,
  title={Modelling the impact of insecticide-based control interventions on the evolution of insecticide resistance and disease transmission},
  author={Barbosa, Susana and Kay, Katherine and Chitnis, Nakul and Hastings, Ian M},
  journal={Parasites \& Vectors},
  volume={11},
  number={1},
  pages={482},
  year={2018},
  publisher={Springer}
}

@article{gari2018reshaping,
  title={Reshaping the vector control strategy for malaria elimination in Ethiopia in the context of current evidence and new tools: opportunities and challenges},
  author={Gari, Taye and Lindtj{\o}rn, Bernt},
  journal={Malaria Journal},
  volume={17},
  number={1},
  pages={1--8},
  year={2018},
  publisher={BioMed Central}
}

@article{bowen2013impact,
  title={Impact of a mass media campaign on bed net use in Cameroon},
  author={Bowen, Hannah L},
  journal={Malaria Journal},
  volume={12},
  number={1},
  pages={36},
  year={2013},
  publisher={BioMed Central}
}

@article{hawley2003implications,
  title={Implications of the western Kenya permethrin-treated bed net study for policy, program implementation, and future research},
  author={Hawley, William A and TER KUILE, FEIKO O and Steketee, Richard S and Nahlen, Bernard L and Terlouw, Dianne J and Gimnig, John E and Shi, Ya Ping and Vulule, John M and Alaii, Jane A and Hightower, Allen W and others},
  journal={The American Journal of Tropical Medicine and Hygiene},
  volume={68},
  number={4\_suppl},
  pages={168--173},
  year={2003},
  publisher={ASTMH}
}

@article{world2013larval,
  title={Larval source management: a supplementary malaria vector control measure: an operational manual},
  author={World Health Organization and others},
  year={2013},
  publisher={World Health Organization}
}

@article{doolan2009acquired,
  title={Acquired immunity to malaria},
  author={Doolan, Denise L and Doba{\~n}o, Carlota and Baird, J Kevin},
  journal={Clinical Microbiology Reviews},
  volume={22},
  number={1},
  pages={13--36},
  year={2009},
  publisher={Am Soc Microbiol}
}

@article{antinori2012biology,
  title={Biology of human malaria plasmodia including Plasmodium knowlesi},
  author={Antinori, Spinello and Galimberti, Laura and Milazzo, Laura and Corbellino, Mario},
  journal={Mediterranean Journal of Hematology and Infectious Diseases},
  volume={4},
  number={1},
  year={2012},
  publisher={Catholic University in Rome}
}

@article{van2017principles,
  title={Principles of Infectious Diseases: Transmission, Diagnosis, Prevention, and Control},
  author={van Seventer, Jean Maguire and Hochberg, Natasha S},
  journal={International Encyclopedia of Public Health},
  pages={22},
  year={2017},
  publisher={Elsevier}
}

@article{aguas2008prospects,
  title={Prospects for malaria eradication in sub-Saharan Africa},
  author={{\'A}guas, Ricardo and White, Lisa J and Snow, Robert W and Gomes, M Gabriela M},
  journal={PloS one},
  volume={3},
  number={3},
  year={2008},
  publisher={Public Library of Science}
}

@article{cole2002age,
  title={Age-acquired immunity to a Plasmodium vivax invasion ligand, the duffy binding protein},
  author={Cole-Tobian, Jennifer L and Cort{\'e}s, Alfred and Baisor, Moses and Kastens, Will and Xainli, Jia and Bockarie, Moses and Adams, John H and King, Christopher L},
  journal={The Journal of Infectious Diseases},
  volume={186},
  number={4},
  pages={531--539},
  year={2002},
  publisher={The University of Chicago Press}
}

@article{hethcote2000mathematics,
  title={The mathematics of infectious diseases},
  author={Hethcote, Herbert W},
  journal={SIAM Review},
  volume={42},
  number={4},
  pages={599--653},
  year={2000},
  publisher={SIAM}
}

@misc{dieckmann2000mathematical,
  title={Mathematical epidemiology of infectious diseases},
  author={Dieckmann, Or and Heesterbeek, JP},
  year={2000},
  publisher={Wiley, New York}
}

@article{rankin2010imaging,
  title={Imaging liver-stage malaria parasites},
  author={Rankin, Kathleen E and Graewe, Stefanie and Heussler, Volker T and Stanway, Rebecca R},
  journal={Cellular Microbiology},
  volume={12},
  number={5},
  pages={569--579},
  year={2010},
  publisher={Wiley Online Library}
}


@article{diekmann1990,
  title={On the definition and the computation of the basic reproduction ratio $R_0$ in models for infectious diseases in heterogeneous populations},
  author={Diekmann, Odo and Heesterbeek, Johan Andre Peter and Metz, Johan AJ},
  journal={Journal of Mathematical Biology},
  volume={28},
  number={4},
  pages={365--382},
  year={1990},
  publisher={Springer}
}